@String(PAMI = {IEEE Trans. Pattern Anal. Mach. Intell.})
@String(IJCV = {Int. J. Comput. Vis.})
@String(CVPR= {IEEE Conf. Comput. Vis. Pattern Recog.})
@String(ICCV= {Int. Conf. Comput. Vis.})
@String(ECCV= {Eur. Conf. Comput. Vis.})
@String(NIPS= {Adv. Neural Inform. Process. Syst.})
@String(ICPR = {Int. Conf. Pattern Recog.})
@String(BMVC= {Brit. Mach. Vis. Conf.})
@String(TOG= {ACM Trans. Graph.})
@String(TIP  = {IEEE Trans. Image Process.})
@String(TVCG  = {IEEE Trans. Vis. Comput. Graph.})
@String(TMM  = {IEEE Trans. Multimedia})
@String(ACMMM= {ACM Int. Conf. Multimedia})
@String(ICME = {Int. Conf. Multimedia and Expo})
@String(ICASSP=	{ICASSP})
@String(ICIP = {IEEE Int. Conf. Image Process.})
@String(ACCV  = {ACCV})
@String(ICLR = {Int. Conf. Learn. Represent.})
@String(IJCAI = {IJCAI})
@String(PR   = {Pattern Recognition})
@String(AAAI = {AAAI})
@String(CVPRW= {IEEE Conf. Comput. Vis. Pattern Recog. Worksh.})
@String(CSVT = {IEEE Trans. Circuit Syst. Video Technol.})

@String(SPL	= {IEEE Sign. Process. Letters})
@String(VR   = {Vis. Res.})
@String(JOV	 = {J. Vis.})
@String(TVC  = {The Vis. Comput.})
@String(JCST  = {J. Comput. Sci. Tech.})
@String(CGF  = {Comput. Graph. Forum})
@String(CVM = {Computational Visual Media})


@String(PAMI  = {IEEE TPAMI})
@String(IJCV  = {IJCV})
@String(CVPR  = {CVPR})
@String(ICCV  = {ICCV})
@String(ECCV  = {ECCV})
@String(NIPS  = {NeurIPS})
@String(ICPR  = {ICPR})
@String(BMVC  =	{BMVC})
@String(TOG   = {ACM TOG})
@String(TIP   = {IEEE TIP})
@String(TVCG  = {IEEE TVCG})
@String(TCSVT = {IEEE TCSVT})
@String(TMM   =	{IEEE TMM})
@String(ACMMM = {ACM MM})
@String(ICME  =	{ICME})
@String(ICASSP=	{ICASSP})
@String(ICIP  = {ICIP})
@String(ACCV  = {ACCV})
@String(ICLR  = {ICLR})
@String(IJCAI = {IJCAI})
@String(PR = {PR})
@String(AAAI = {AAAI})
@String(CVPRW= {CVPRW})
@String(CSVT = {IEEE TCSVT})
@book{wohler20093d,
  title={3D computer vision: efficient methods and applications},
  author={W{\"o}hler, Christian},
  year={2009},
  publisher={Springer Science \& Business Media}
}
@inproceedings{guo2021multi,
title={Multi-Person Extreme Motion Prediction},
author={Wen,Guo and Xiaoyu, Bie and Xavier, Alameda-Pineda and Francesc,Moreno-Noguer},
booktitle={Proceedings of the IEEE/CVF Conference on Computer Vision and Pattern Recognition (CVPR)},
year={2022}
}


@inproceedings{yin2023hi4d,
      author = {Yin, Yifei and Guo, Chen and Kaufmann, Manuel and Zarate, Juan and Song, Jie and Hilliges, Otmar}, 
      title = {Hi4D: 4D Instance Segmentation of Close Human Interaction}, 
      booktitle = {Proceedings of the IEEE/CVF Conference on Computer Vision and Pattern Recognition (CVPR)},
      year = {2023}
      }


@InProceedings{Fieraru_2020_CVPR,
author = {Fieraru, Mihai and Zanfir, Mihai and Oneata, Elisabeta and Popa, Alin-Ionut and Olaru, Vlad and Sminchisescu, Cristian},
title = {Three-Dimensional Reconstruction of Human Interactions},
booktitle = {Proceedings of the IEEE/CVF Conference on Computer Vision and Pattern Recognition (CVPR)},
month = {June},
year = {2020}
} 

@inproceedings{ye2023slahmr,
    title={Decoupling Human and Camera Motion from Videos in the Wild},
    author={Ye, Vickie and Pavlakos, Georgios and Malik, Jitendra and Kanazawa, Angjoo},
    booktitle={Proceedings of the IEEE/CVF Conference on Computer Vision and Pattern Recognition (CVPR)},
    month={June},
    year={2023}
}

@inproceedings{Luo2022EmbodiedSH,
  title={Embodied Scene-aware Human Pose Estimation},
  author={Zhengyi Luo and Shun Iwase and Ye Yuan and Kris Kitani},
  booktitle={Advances in Neural Information Processing Systems},
  year={2022}
}

@inproceedings{ugrinovic2024multiphys,
                author={Ugrinovic, Nicolas and Pan, Boxiao and Pavlakos, Georgios and Paschalidou, Despoina and Shen, Bokui and Sanchez-Riera, Jordi and Moreno-Noguer, Francesc and Guibas, Leonidas},
                title={MultiPhys: Multi-Person Physics-aware 3D Motion Estimation},
                booktitle={Conference on Computer Vision and Pattern Recognition (CVPR)},
                year={2024}
} 

@inproceedings{kocabas2019self,
  title={Self-supervised learning of 3d human pose using multi-view geometry},
  author={Kocabas, Muhammed and Karagoz, Salih and Akbas, Emre},
  booktitle={Proceedings of the IEEE/CVF conference on computer vision and pattern recognition},
  pages={1077--1086},
  year={2019}
}

@inproceedings{chen2020cross,
  title={Cross-view tracking for multi-human 3d pose estimation at over 100 fps},
  author={Chen, Long and Ai, Haizhou and Chen, Rui and Zhuang, Zijie and Liu, Shuang},
  booktitle={Proceedings of the IEEE/CVF conference on computer vision and pattern recognition},
  pages={3279--3288},
  year={2020}
}
@inproceedings{todorov2012mujoco,
  title={MuJoCo: A physics engine for model-based control},
  author={Todorov, Emanuel and Erez, Tom and Tassa, Yuval},
  booktitle={2012 IEEE/RSJ International Conference on Intelligent Robots and Systems},
  pages={5026--5033},
  year={2012},
  organization={IEEE},
  doi={10.1109/IROS.2012.6386109}
}
@book{image_processing,
author = {Distante, Arcangelo and Distante, Cosimo},
year = {2020},
month = {01},
pages = {},
title = {Handbook of Image Processing and Computer Vision: Volume 3: From Pattern to Object},
isbn = {978-3-030-42377-3},
publisher={Springer},
doi = {10.1007/978-3-030-42378-0}
}
@inproceedings{SMPL-X:2019,
  title = {Expressive Body Capture: 3D Hands, Face, and Body from a Single Image},
  author = {Pavlakos, Georgios and Choutas, Vasileios and Ghorbani, Nima and Bolkart, Timo and Osman, Ahmed A. A. and Tzionas, Dimitrios and Black, Michael J.},
  booktitle = {Proceedings IEEE Conf. on Computer Vision and Pattern Recognition (CVPR)},
  year = {2019}
}
@article{chen2023,
    title={{2D} Human Pose Estimation: A Survey}, 
    author={Haoming Chen and Runyang Feng and Sifan Wu and Hao Xu and Fengcheng Zhou and Zhenguang Liu},
    journal={Multimedia Systems},
    year={2023},
    eprint={2204.07370},
    archivePrefix={arXiv},
    primaryClass={cs.CV}, 
    doi={10.1007/s00530-022-01019-0}
}
@Book{NoceWrig06,
  author    = {Jorge Nocedal and Stephen J. Wright},
  publisher = {Springer},
  title     = {Numerical Optimization},
  year      = {2006},
  address   = {New York, NY, USA},
  edition   = {2e},
}
@article{SFV,
    author = {Peng, Xue Bin and Kanazawa, Angjoo and Malik, Jitendra and Abbeel, Pieter and Levine, Sergey},
    title = {SFV: Reinforcement Learning of Physical Skills from Videos},
    journal = {ACM Trans. Graph.},
    volume = {37},
    number = {6},
    month = nov,
    year = {2018},
    articleno = {178},
    numpages = {14},
    publisher = {ACM},
    address = {New York, NY, USA},
    keywords = {physics-based character animation, computer vision, video imitation, reinforcement learning, motion reconstruction}
} 

@inproceedings{ke2023segment,
    title={Segment Anything in High Quality}, 
    author={Lei Ke and Mingqiao Ye and Martin Danelljan and Yifan Liu and Yu-Wing Tai and Chi-Keung Tang and Fisher Yu},
    year={2023},
    booktitle={NeurIPS}, 
    doi={10.48550/arXiv.2306.01567}
}

@inproceedings{li2022dd,
  title={D \&d: Learning human dynamics from dynamic camera},
  author={Li, Jiefeng and Bian, Siyuan and Xu, Chao and Liu, Gang and Yu, Gang and Lu, Cewu},
  booktitle={European Conference on Computer Vision},
  pages={479--496},
  year={2022},
  organization={Springer}
}
@INPROCEEDINGS{goel2023humans,
  author={Goel, Shubham and Pavlakos, Georgios and Rajasegaran, Jathushan and Kanazawa, Angjoo and Malik, Jitendra},
  booktitle={2023 IEEE/CVF International Conference on Computer Vision (ICCV)}, 
  title={Humans in 4D: Reconstructing and Tracking Humans with Transformers}, 
  year={2023},
  volume={},
  number={},
  pages={14737-14748},
  doi={10.1109/ICCV51070.2023.01358}
}


@inproceedings{kocabas2020vibe,
  title={Vibe: Video inference for human body pose and shape estimation},
  author={Kocabas, Muhammed and Athanasiou, Nikos and Black, Michael J},
  booktitle={Proceedings of the IEEE/CVF conference on computer vision and pattern recognition},
  pages={5253--5263},
  year={2020}
}

@inproceedings{Bogo2016,
    author={Bogo, Federica and Kanazawa, Angjoo and Lassner, Christoph and Gehler, Peter and Romero, Javier and Black, Michael J},
    title={Keep it SMPL: Automatic Estimation of 3D Human Pose and Shape from a Single Image},
    booktitle={The European Conference on Computer Vision (ECCV)},
    year = {2016}
}

@INPROCEEDINGS{kanazawa2019learning,
  author={Kanazawa, Angjoo and Zhang, Jason Y. and Felsen, Panna and Malik, Jitendra},
  booktitle={2019 IEEE/CVF Conference on Computer Vision and Pattern Recognition (CVPR)}, 
  title={Learning 3D Human Dynamics From Video}, 
  year={2019},
  volume={},
  number={},
  pages={5607-5616},
  keywords={3D from Single Image;3D from Multiview and Sensors; Face;Gesture;and Body Pose ; Video Analytics},
  doi={10.1109/CVPR.2019.00576}
}

@inproceedings{yu2019human,
  title={Human mesh recovery from monocular images via a skeleton-disentangled representation},
  author={Sun, Yu and Ye, Yun and Liu, Wu and Gao, Wenpeng and Fu, Yili and Mei, Tao},
  booktitle={Proceedings of the IEEE/CVF international conference on computer vision},
  pages={5349--5358},
  year={2019}
}
@inproceedings{pavlakos2019texturepose,
  title={Texturepose: Supervising human mesh estimation with texture consistency},
  author={Pavlakos, Georgios and Kolotouros, Nikos and Daniilidis, Kostas},
  booktitle={Proceedings of the IEEE/CVF International Conference on Computer Vision},
  pages={803--812},
  year={2019}
}
@inproceedings{jiang2020coherent,
  title={Coherent reconstruction of multiple humans from a single image},
  author={Jiang, Wen and Kolotouros, Nikos and Pavlakos, Georgios and Zhou, Xiaowei and Daniilidis, Kostas},
  booktitle={Proceedings of the IEEE/CVF conference on computer vision and pattern recognition},
  pages={5579--5588},
  year={2020}
}

@inproceedings{kolotouros2019learning,
  title={Learning to reconstruct 3D human pose and shape via model-fitting in the loop},
  author={Kolotouros, Nikos and Pavlakos, Georgios and Black, Michael J and Daniilidis, Kostas},
  booktitle={Proceedings of the IEEE/CVF international conference on computer vision},
  pages={2252--2261},
  year={2019}
}

@inproceedings{leroy2020smply,
  title={SMPLy benchmarking 3D human pose estimation in the wild},
  author={Leroy, Vincent and Weinzaepfel, Philippe and Br{\'e}gier, Romain and Combaluzier, Hadrien and Rogez, Gr{\'e}gory},
  booktitle={2020 International Conference on 3D Vision (3DV)},
  pages={301--310},
  year={2020},
  organization={IEEE}
}
@InProceedings{arnab2019exploiting,
    author = {Arnab, Anurag and Doersch, Carl and Zisserman, Andrew},
    title = {Exploiting temporal context for 3D human pose estimation in the wild},
    booktitle = {Computer Vision and Pattern Recognition (CVPR)},
    month = {June},
    year = {2019},
    doi = {10.1109/CVPR.2019.00351}
}

@inproceedings{luo2024diffusiontrack,
  title={DiffusionTrack: Diffusion Model For Multi-Object Tracking},
  author={Luo, Run and Song, Zikai and Ma, Lintao and Wei, Jinlin and Yang, Wei and Yang, Min},
  booktitle={Proceedings of the AAAI Conference on Artificial Intelligence},
  volume={38},
  number={5},
  pages={3991--3999},
  year={2024}
}
@inproceedings{cheng2022xmem,
  title={{XMem}: Long-Term Video Object Segmentation with an Atkinson-Shiffrin Memory Model},
  author={Cheng, Ho Kei and Alexander G. Schwing},
  booktitle={The European Conference on Computer Vision (ECCV)},
  year={2022},
  doi={10.48550/arXiv.2207.07115}
}
@INPROCEEDINGS{OpenCVcalib,
  author={Wang, Y. M. and Li, Y. and Zheng, J. B.},
  booktitle={The 3rd International Conference on Information Sciences and Interaction Sciences}, 
  title={A camera calibration technique based on OpenCV}, 
  year={2010},
  volume={},
  number={},
  pages={403-406},
  keywords={Cameras;Calibration;Computer vision;Lenses;Solid modeling;Libraries;Optical distortion;Nonlinear distortion;Stereo vision;Educational institutions;camera calibration;OpenCV;computer vision;lens distortion},
  doi={10.1109/ICICIS.2010.5534797}}

@INPROCEEDINGS{Dong_multiview,
  author={Dong, Junting and Jiang, Wen and Huang, Qixing and Bao, Hujun and Zhou, Xiaowei},
  booktitle={2019 IEEE/CVF Conference on Computer Vision and Pattern Recognition (CVPR)}, 
  title={Fast and Robust Multi-Person 3D Pose Estimation From Multiple Views}, 
  year={2019},
  volume={},
  number={},
  pages={7784-7793},
  keywords={Face;Gesture;and Body Pose;3D from Multiview and Sensors},
  doi={10.1109/CVPR.2019.00798}
}

@inproceedings{zhang20204d,
  title={4D association graph for realtime multi-person motion capture using multiple video cameras},
  author={Zhang, Yuxiang and An, Liang and Yu, Tao and Li, Xiu and Li, Kun and Liu, Yebin},
  booktitle={Proceedings of the IEEE/CVF conference on computer vision and pattern recognition},
  pages={1324--1333},
  year={2020}
}

@ARTICLE{Du:2022aa,
  author={Du, Yunhao and Zhao, Zhicheng and Song, Yang and Zhao, Yanyun and Su, Fei and Gong, Tao and Meng, Hongying},
  journal={IEEE Transactions on Multimedia}, 
  title={StrongSORT: Make DeepSORT Great Again}, 
  year={2023},
  volume={25},
  number={},
  pages={8725-8737},
  keywords={Tracking;Task analysis;Computational modeling;Trajectory;Interpolation;Training;Kalman filters;Multi-object tracking;baseline;AFLink;GSI},
  doi={10.1109/TMM.2023.3240881}}


@article{Li:2023aa,
  author = {Chuyi Li and Lulu Li and Yifei Geng and Hongliang Jiang and Meng Cheng and Bo Zhang and Zaidan Ke and Xiaoming Xu and Xiangxiang Chu},
  month = {01},
  title = {YOLOv6 v3.0: A Full-Scale Reloading},
  year = {2023}}

@inproceedings{wang2023smiletrack,
  title={Smiletrack: Similarity learning for occlusion-aware multiple object tracking},
  author={Wang, Yu-Hsiang and Hsieh, Jun-Wei and Chen, Ping-Yang and Chang, Ming-Ching and So, Hung-Hin and Li, Xin},
  booktitle={Proceedings of the AAAI Conference on Artificial Intelligence},
  volume={38},
  number={6},
  pages={5740--5748},
  year={2024}
}

@INPROCEEDINGS{geng2021bottomup,
  author={Geng, Zigang and Sun, Ke and Xiao, Bin and Zhang, Zhaoxiang and Wang, Jingdong},
  booktitle={2021 IEEE/CVF Conference on Computer Vision and Pattern Recognition (CVPR)}, 
  title={Bottom-Up Human Pose Estimation Via Disentangled Keypoint Regression}, 
  year={2021},
  volume={},
  number={},
  pages={14671-14681},
  doi={10.1109/CVPR46437.2021.01444}
}

@inproceedings{luo2021rethinking,
  title={Rethinking the heatmap regression for bottom-up human pose estimation},
  author={Luo, Zhengxiong and Wang, Zhicheng and Huang, Yan and Wang, Liang and Tan, Tieniu and Zhou, Erjin},
  booktitle={Proceedings of the IEEE/CVF conference on computer vision and pattern recognition},
  pages={13264--13273},
  year={2021}
}
@inproceedings{cao2019openpose,
    author = {Z. Cao and T. Simon and S. Wei and Y. Sheikh},
    booktitle = {2017 IEEE Conference on Computer Vision and Pattern Recognition (CVPR)},
    title = {Realtime Multi-person 2D Pose Estimation Using Part Affinity Fields},
    year = {2017},
    volume = {},
    issn = {1063-6919},
    pages = {1302-1310},
    doi = {10.1109/CVPR.2017.143},
    publisher = {IEEE Computer Society},
    address = {Los Alamitos, CA, USA},
    month = {jul}
}


@article{Zhang:2021aa,
  author = {Yuxiang Zhang and Zhe Li and Liang An and Mengcheng Li and Tao Yu and Yebin Liu},
  month = {08},
  title = {Lightweight Multi-person Total Motion Capture Using Sparse Multi-view Cameras},
  year = {2021}}

@article{Zhang_2020,
  doi = {10.1007/s11263-020-01398-9},
  
  
  year = 2020,
  month = {nov},
  
  publisher = {Springer Science and Business Media {LLC}
},
  
  volume = {129},
  
  number = {3},
  
  pages = {703--718},
  
  author = {Zhe Zhang and Chunyu Wang and Weichao Qiu and Wenhu Qin and Wenjun Zeng},
  
  title = {{AdaFuse}: Adaptive Multiview Fusion for Accurate Human Pose Estimation in the Wild},
  
  journal = {International Journal of Computer Vision}
}

@INPROCEEDINGS{kocabas2019selfsupervised,
  author={Kocabas, Muhammed and Karagoz, Salih and Akbas, Emre},
  booktitle={2019 IEEE/CVF Conference on Computer Vision and Pattern Recognition (CVPR)}, 
  title={Self-Supervised Learning of 3D Human Pose Using Multi-View Geometry}, 
  year={2019},
  pages={1077-1086},
  doi={10.1109/CVPR.2019.00117}
}


@inproceedings{tu2020voxelpose,
    author={Tu, Hanyue and Wang, Chunyu and Zeng, Wenjun},
    title={VoxelPose: Towards Multi-Camera 3D Human Pose Estimation in Wild Environment},
    booktitle = {European Conference on Computer Vision (ECCV)},
    year = {2020}
}

@inproceedings{wang2021,
  author = {Wang, Tao and Zhang, Jianfeng and Cai, Yujun and Yan, Shuicheng and Feng, Jiashi},
  booktitle = {Advances in Neural Information Processing Systems},
  editor = {M. Ranzato and A. Beygelzimer and Y. Dauphin and P.S. Liang and J. Wortman Vaughan},
  pages = {13153--13164},
  publisher = {Curran Associates, Inc.},
  title = {Direct Multi-view Multi-person 3D Pose Estimation},
  volume = {34},
  year = {2021}}

@inproceedings{pavlakos2019expressive,
  title={Expressive body capture: 3d hands, face, and body from a single image},
  author={Pavlakos, Georgios and Choutas, Vasileios and Ghorbani, Nima and Bolkart, Timo and Osman, Ahmed AA and Tzionas, Dimitrios and Black, Michael J},
  booktitle={Proceedings of the IEEE/CVF conference on computer vision and pattern recognition},
  pages={10975--10985},
  year={2019}
}

@INPROCEEDINGS{li_multiview,
  author={Li, Zhongguo and Oskarsson, Magnus and Heyden, Anders},
  booktitle={2021 IEEE Winter Conference on Applications of Computer Vision (WACV)}, 
  title={3D Human Pose and Shape Estimation Through Collaborative Learning and Multi-view Model-fitting}, 
  year={2021},
  volume={},
  number={},
  pages={1887-1896},
  doi={10.1109/WACV48630.2021.00193}}
@article{SMPL:2015,
  title = {{SMPL}: A Skinned Multi-Person Linear Model},
  author = {Loper, Matthew and Mahmood, Naureen and Romero, Javier and Pons-Moll, Gerard and Black, Michael J.},
  journal = {ACM Trans. Graphics (Proc. SIGGRAPH Asia)},
  volume = {34},
  number = {6},
  pages = {248:1--248:16},
  publisher = {ACM},
  address = {New York, NY},
  month = oct,
  year = {2015},
  doi = {10.1145/2816795.2818013},
  month_numeric = {10}
}


@inproceedings{gaertner2022differentiable,
  title={Differentiable dynamics for articulated 3D human motion reconstruction},
  author={G{\"a}rtner, Erik and Andriluka, Mykhaylo and Coumans, Erwin and Sminchisescu, Cristian},
  booktitle={Computer Vision and Pattern Recognition (CVPR)},
  pages={13180--13190},
  year={2022}
}

@inproceedings{gaertner2022trajectory,
  title={Trajectory optimization for physics-based reconstruction of 3D human pose from monocular video},
  author={G{\"a}rtner, Erik and Andriluka, Mykhaylo and Xu, Hongyi and Sminchisescu, Cristian},
  booktitle={Computer Vision and Pattern Recognition (CVPR)},
  pages={13096--13105},
  year={2022}
}

@article{Shimada_2020,
  author = {Soshi Shimada and Vladislav Golyanik and Weipeng Xu and Christian Theobalt},
  journal = {{ACM} Transactions on Graphics},
  month = {nov},
  number = {6},
  pages = {1--16},
  title = {{PhysCap}},
  volume = {39},
  year = 2020}

@InProceedings{Xie:2021aa,
    author    = {Xie, Kevin and Wang, Tingwu and Iqbal, Umar and Guo, Yunrong and Fidler, Sanja and Shkurti, Florian},
    title     = {Physics-Based Human Motion Estimation and Synthesis From Videos},
    booktitle = {Proceedings of the IEEE/CVF International Conference on Computer Vision (ICCV)},
    month     = {October},
    year      = {2021},
    pages     = {11532-11541}
}


@inproceedings{RempeContactDynamics2020,
    author={Rempe, Davis and Guibas, Leonidas J. and Hertzmann, Aaron and Russell, Bryan and Villegas, Ruben and Yang, Jimei},
    title={Contact and Human Dynamics from Monocular Video},
    booktitle={Proceedings of the European Conference on Computer Vision (ECCV)},
    year={2020}, 
    doi={10.48550/arXiv.2007.11678}
}
@InProceedings{Yuan_2021_CVPR,
    author    = {Yuan, Ye and Wei, Shih-En and Simon, Tomas and Kitani, Kris and Saragih, Jason},
    title     = {SimPoE: Simulated Character Control for 3D Human Pose Estimation},
    booktitle = {Proceedings of the IEEE/CVF Conference on Computer Vision and Pattern Recognition (CVPR)},
    month     = {June},
    year      = {2021},
    pages     = {7159-7169}
}

@article{Peng_rl,
author = {Peng, Xue Bin and Abbeel, Pieter and Levine, Sergey and van de Panne, Michiel},
title = {DeepMimic: Example-Guided Deep Reinforcement Learning of Physics-Based Character Skills},
year = {2018},
date = {August 2018},
publisher = {Association for Computing Machinery},
address = {New York, NY, USA},
volume = {37},
number = {4},
issn = {0730-0301},
doi = {10.1145/3197517.3201311},
journal = {ACM Trans. Graph.},
month = {jul},
articleno = {143},
numpages = {14},
keywords = {reinforcement learning, motion control, physics-based character animation}
}


@inproceedings{tripathi20233d,
  title={3D human pose estimation via intuitive physics},
  author={Tripathi, Shashank and M{\"u}ller, Lea and Huang, Chun-Hao P and Taheri, Omid and Black, Michael J and Tzionas, Dimitrios},
  booktitle={Proceedings of the IEEE/CVF conference on computer vision and pattern recognition},
  pages={4713--4725},
  year={2023}
}

@article{xu2022vitpose,
  title={ViTPose++: Vision Transformer Foundation Model for Generic Body Pose Estimation},
  author={Xu, Yufei and Zhang, Jing and Zhang, Qiming and Tao, Dacheng},
  journal={arXiv preprint arXiv:2212.04246},
  year={2022}
}

@article{howell2022,
  title={{Predictive Sampling: Real-time Behaviour Synthesis with MuJoCo}},
  author={Howell, Taylor and Gileadi, Nimrod and Tunyasuvunakool, Saran and Zakka, Kevin and Erez, Tom and Tassa, Yuval},
  archivePrefix={arXiv},
  eprint={2212.00541},
  primaryClass={cs.RO},
  doi={10.48550/arXiv.2212.00541},
  year={2022},
  month={dec}
}


@article{dm_control,
  title={dm\_control: Software and Tasks for Continuous Control},
  author={Tunyasuvunakool, Saran and Muldal, Arild and Doron, Yotam and Liu, Suzana and Bohez, Steven and Merel, Joshua and Erez, Tom and Lillicrap, Timothy and Heess, Nicolas and Tassa, Yuval},
  journal={Software Impacts},
  volume={6},
  pages={100022},
  year={2020},
  month={3},
  day={10},
  doi={10.1016/j.simpa.2020.100022},
}


@INPROCEEDINGS{yuval,
  author={Tassa, Yuval and Erez, Tom and Todorov, Emanuel},
  booktitle={2012 IEEE/RSJ International Conference on Intelligent Robots and Systems}, 
  title={Synthesis and stabilization of complex behaviors through online trajectory optimization}, 
  year={2012},
  volume={},
  number={},
  pages={4906-4913},
  keywords={Trajectory;Mathematical model;Computational modeling;Optimization;Heuristic algorithms;Robots;Real-time systems},
  doi={10.1109/IROS.2012.6386025}}

@article{fleuret2007multicamera,
  author    = {Fran\c{c}ois Fleuret and Jerome Berclaz and Richard Lengagne and Pascal Fua},
  title     = {Multicamera People Tracking with a Probabilistic Occupancy Map},
  journal   = {IEEE Transactions on Pattern Analysis and Machine Intelligence},
  volume    = {30},
  number    = {2},
  pages     = {267--282},
  year      = {2007},
}

@article{belagiannis20163d,
  author={Belagiannis, Vasileios and Amin, Sikandar and Andriluka, Mykhaylo and Schiele, Bernt and Navab, Nassir and Ilic, Slobodan},
  journal={IEEE Transactions on Pattern Analysis and Machine Intelligence}, 
  title={{3D} Pictorial Structures Revisited: Multiple Human Pose Estimation}, 
  year={2016},
  volume={38},
  number={10},
  pages={1929-1942},
  doi={10.1109/TPAMI.2015.2509986}
}



@inproceedings{Huang2020,
  author = {Huang, Congzhentao and Jiang, Shuai and Li, Yang and Zhang, Ziyue and Traish, Jason and Deng, Chen and Ferguson, Sam and Da Xu, Richard Yi},
  booktitle = {The European Conference on Computer Vision (ECCV)},
  pages = {477--493},
  title = {End-to-end Dynamic Matching Network for Multi-view Multi-person 3D Pose Estimation},
  year = {2020}
}


@article{Xu:2022ac,
  author = {Yufei Xu and Jing Zhang and Qiming Zhang and Dacheng Tao},
  month = {12},
  title = {ViTPose+: Vision Transformer Foundation Model for Generic Body Pose Estimation},
  year = {2022}}

@article{Tu:2020aa,
  author = {Hanyue Tu and Chunyu Wang and Wenjun Zeng},
  month = {04},
  title = {VoxelPose: Towards Multi-Camera 3D Human Pose Estimation in Wild Environment},
  year = {2020}}

@article{Chen:2022aa,
  author = {Yuxing Chen and Renshu Gu and Ouhan Huang and Gangyong Jia},
  month = {05},
  title = {VTP: Volumetric Transformer for Multi-view Multi-person 3D Pose Estimation},
  year = {2022}}



@INPROCEEDINGS{belagiannis20143d,
  author={Belagiannis, Vasileios and Amin, Sikandar and Andriluka, Mykhaylo and Schiele, Bernt and Navab, Nassir and Ilic, Slobodan},
  booktitle={2014 IEEE Conference on Computer Vision and Pattern Recognition}, 
  title={{3D} Pictorial Structures for Multiple Human Pose Estimation}, 
  year={2014},
  volume={},
  number={},
  pages={1669-1676},
  keywords={Three-dimensional displays;Joints;Estimation;Biological system modeling;Cameras;Solid modeling;Detectors;human pose estimation;pictorial structures;3D pose estimation},
  doi={10.1109/CVPR.2014.216}
}

@inproceedings{bridgeman2019multi,
  author={Bridgeman, Lewis and Volino, Marco and Guillemaut, Jean-Yves and Hilton, Adrian},
  booktitle={2019 IEEE/CVF Conference on Computer Vision and Pattern Recognition Workshops (CVPRW)}, 
  title={Multi-Person 3D Pose Estimation and Tracking in Sports}, 
  year={2019},
  volume={},
  number={},
  pages={2487-2496},
  doi={10.1109/CVPRW.2019.00304}
}


@article{ershadi2018multiple,
author = {Ershadi-Nasab, Sara and Noury, Erfan and Kasaei, Shohreh and Sanaei, Esmaeil},
title = {Multiple Human 3D Pose Estimation from Multiview Images},
year = {2018},
issue_date = {June      2018},
publisher = {Kluwer Academic Publishers},
address = {USA},
volume = {77},
number = {12},
issn = {1380-7501},
doi = {10.1007/s11042-017-5133-8},
journal = {Multimedia Tools Appl.},
month = {jun},
pages = {15573–15601},
numpages = {29},
keywords = {Multiple human, Human pose estimation, Fully connected model, Multiview images, Graphical model}
}



@inproceedings{lin2021multiview,
  title={Multi-view multi-person 3d pose estimation with plane sweep stereo},
  author={Lin, Jiahao and Lee, Gim Hee},
  booktitle={Proceedings of the IEEE/CVF Conference on Computer Vision and Pattern Recognition},
  pages={11886--11895},
  year={2021}
}

@article{yang2023unified,
  title={A unified multi-view multi-person tracking framework},
  author={Yang, Fan and Odashima, Shigeyuki and Yamao, Sosuke and Fujimoto, Hiroaki and Masui, Shoichi and Jiang, Shan},
  journal={Computational Visual Media},
  volume={10},
  number={1},
  pages={137--160},
  year={2024},
  publisher={Springer}
}
